<record><leader>00000cas a22000007a 4500</leader><controlfield tag="001">12962147</controlfield><controlfield tag="008">851231d1845185uinuwr ne      0    0eng d</controlfield><datafield ind1=" " ind2=" " tag="010"><subfield code="a">sn 85048297 </subfield></datafield><datafield ind1=" " ind2=" " tag="040"><subfield code="a">NPI</subfield><subfield code="b">eng</subfield><subfield code="c">NPI</subfield><subfield code="d">OCLCQ</subfield></datafield><datafield ind1=" " ind2=" " tag="042"><subfield code="a">msc</subfield></datafield><datafield ind1="0" ind2="0" tag="245"><subfield code="a">Cambridge reveille.</subfield></datafield><datafield ind1=" " ind2=" " tag="260"><subfield code="a">Cambridge City, Ind. :</subfield><subfield code="b">Jas. H. Hunt</subfield></datafield><datafield ind1=" " ind2=" " tag="300"><subfield code="a">v. :</subfield><subfield code="b">ill. (chiefly advertisements) ;</subfield><subfield code="c">54-59 cm.</subfield></datafield><datafield ind1=" " ind2=" " tag="310"><subfield code="a">Weekly</subfield></datafield><datafield ind1="1" ind2=" " tag="362"><subfield code="a">Began in 1845.</subfield><subfield code="z">Cf. Miller, John W. Indiana newspaper bibliog.</subfield></datafield><datafield ind1=" " ind2=" " tag="500"><subfield code="a">Established by James H. Hunt.</subfield></datafield><datafield ind1=" " ind2=" " tag="500"><subfield code="a">"Supported the Whig party." Cf. Miller.</subfield></datafield><datafield ind1=" " ind2=" " tag="515"><subfield code="a">Numbering began again in Mar. 1852.</subfield></datafield><datafield ind1=" " ind2=" " tag="515"><subfield code="a">Suspended in early 1851.</subfield></datafield><datafield ind1=" " ind2=" " tag="588"><subfield code="a">Description based on: Vol. 2, no. 27 (Dec. 2, 1846).</subfield></datafield><datafield ind1=" " ind2=" " tag="752"><subfield code="a">United States</subfield><subfield code="b">Indiana</subfield><subfield code="c">Wayne</subfield><subfield code="d">Cambridge City.</subfield></datafield><datafield ind1="1" ind2=" " tag="029"><subfield code="a">AU@</subfield><subfield code="b">000025841502</subfield></datafield></record>